@misc{li2016convergentlearningdifferentneural,
      title={Convergent Learning: Do different neural networks learn the same representations?}, 
      author={Yixuan Li and Jason Yosinski and Jeff Clune and Hod Lipson and John Hopcroft},
      year={2016},
      eprint={1511.07543},
      archivePrefix={arXiv},
      primaryClass={cs.LG},
      url={https://arxiv.org/abs/1511.07543}, 
}

@misc{yosinski2014transferablefeaturesdeepneural,
      title={How transferable are features in deep neural networks?}, 
      author={Jason Yosinski and Jeff Clune and Yoshua Bengio and Hod Lipson},
      year={2014},
      eprint={1411.1792},
      archivePrefix={arXiv},
      primaryClass={cs.LG},
      url={https://arxiv.org/abs/1411.1792}, 
}