@inproceedings{rajpurkar2018know,
    title="Know What You Don{'}t Know: Unanswerable Questions for {SQ}u{AD}",
    author="Rajpurkar, Pranav and Jia, Robin and Liang, Percy",
    booktitle="Association for Computational Linguistics (ACL)",
    year="2018",
}
@misc{compas_dataset,
    title="COMPAS dataset",
    url="https://www.kaggle.com/datasets/danofer/compass",
    author="ProPublica",
    year="2016",
    note="Accessed: 2025-07-01",}

@misc{acs_dataset,
    title="American Community Survey (ACS) dataset",
    url="https://www.census.gov/programs-surveys/acs",
    author="U.S. Census Bureau",
    year="2018",
    note="Accessed: 2025-07-01",
}